@ARTICLE{OpenCLInterpret,
    author = {George Russell},
    title = {OpenCL for Interpreter Implementation.},
    url = {https://grrussel.bitbucket.io/CompileToOpenCL/CompileToOpenCL.html},
    month = {November},
    year = {2012},
}


@article {SPE:SPE2166,
author = {Tien, Tsan-Rong and You, Yi-Ping},
title = {Enabling OpenCL support for GPGPU in Kernel-based Virtual Machine},
journal = {Software: Practice and Experience},
volume = {44},
number = {5},
issn = {1097-024X},
url = {http://dx.doi.org/10.1002/spe.2166},
doi = {10.1002/spe.2166},
pages = {483--510},
keywords = {OpenCL, system virtualization, GPU virtualization, KVM, API remoting},
year = {2014},
}

@misc{ratering2011accelerating,
  title={Accelerating opencl applications by utilizing a virtual opencl device as interface to compute clouds},
  author={Ratering, R. and Hoppe, H.C.},
  url={https://www.google.com/patents/US20110161495},
  year={2011},
  month=jun # "~30",
  publisher={Google Patents},
  note={US Patent App. 12/952,405}
}

@inproceedings{Pan:2001:HTV:502217.502244,
 author = {Pan, Heidi and Asanovi\'{c}, Krste},
 title = {Heads and Tails: A Variable-length Instruction Format Supporting Parallel Fetch and Decode},
 booktitle = {Proceedings of the 2001 International Conference on Compilers, Architecture, and Synthesis for Embedded Systems},
 series = {CASES '01},
 year = {2001},
 isbn = {1-58113-399-5},
 location = {Atlanta, Georgia, USA},
 pages = {168--175},
 numpages = {8},
 url = {http://doi.acm.org/10.1145/502217.502244},
 doi = {10.1145/502217.502244},
 acmid = {502244},
 publisher = {ACM},
 address = {New York, NY, USA},
} 

@inproceedings{Harvey:2015:PPA:2814576.2814732,
 author = {Harvey, Paul and Hentschel, Kristian and Sventek, Joseph},
 title = {Parallel Programming in Actor-Based Applications via OpenCL},
 booktitle = {Proceedings of the 16th Annual Middleware Conference},
 series = {Middleware '15},
 year = {2015},
 isbn = {978-1-4503-3618-5},
 location = {Vancouver, BC, Canada},
 pages = {162--172},
 numpages = {11},
 url = {http://doi.acm.org/10.1145/2814576.2814732},
 doi = {10.1145/2814576.2814732},
 acmid = {2814732},
 publisher = {ACM},
 address = {New York, NY, USA},
 keywords = {OpenCL, actors, middleware, parallel programming, performance},
} 


@inproceedings{Gupta:2009:GGV:1519138.1519141,
 author = {Gupta, Vishakha and Gavrilovska, Ada and Schwan, Karsten and Kharche, Harshvardhan and Tolia, Niraj and Talwar, Vanish and Ranganathan, Parthasarathy},
 title = {GViM: GPU-accelerated Virtual Machines},
 booktitle = {Proceedings of the 3rd ACM Workshop on System-level Virtualization for High Performance Computing},
 series = {HPCVirt '09},
 year = {2009},
 isbn = {978-1-60558-465-2},
 location = {Nuremburg, Germany},
 pages = {17--24},
 numpages = {8},
 url = {http://doi.acm.org/10.1145/1519138.1519141},
 doi = {10.1145/1519138.1519141},
 acmid = {1519141},
 publisher = {ACM},
 address = {New York, NY, USA},
 keywords = {GPGPU, GViM, amorphous access, split driver model},
} 


@ARTICLE{braams:babel,
    author = {Braams, Johannes},
    title = {Babel, a Multilingual Style-Option System for Use with LaTeX's Standard Document Styles},
    journal = {TUGboat},
    volume = {12},
    number = {2},
    pages = {291-301},
    month = {June},
    year = {1991},
}

@INPROCEEDINGS{clark:pct,
	AUTHOR = "Malcolm Clark",
	TITLE = "Post Congress Tristesse",
	BOOKTITLE = "TeX90 Conference Proceedings",
	PAGES = "84-89",
	ORGANIZATION = "TeX Users Group",
	MONTH = "March", 
	YEAR = {1991}	}

@ARTICLE{herlihy:methodology,
    author = {Herlihy, Maurice},
    title = {A Methodology for Implementing Highly Concurrent Data Objects},
    journal = {ACM Trans. Program. Lang. Syst.},
    volume = {15},
    number = {5},
    pages = {745-770},
    month = {November},
    year = {1993},
    doi = {10.1145/161468.161469},
}

@BOOK{Lamport:LaTeX,
	AUTHOR = "Leslie Lamport",
	TITLE = "LaTeX User's Guide and Document Reference Manual",
	PUBLISHER = "Addison-Wesley Publishing Company",
	ADDRESS = "Reading, Massachusetts",
	YEAR = "1986"	}

@BOOK{salas:calculus,
	AUTHOR = "S.L. Salas and Einar Hille",
	TITLE = "Calculus: One and Several Variable",
	PUBLISHER = "John Wiley and Sons",
	ADDRESS = "New York",
	YEAR = "1978"	}

@MANUAL{Fear05,
  title = 	 {Publication quality tables in {\LaTeX}},
  author =	 {Simon Fear},
  month =	 {April},
  year =	 2005,
  note =	 {\url{http://www.ctan.org/pkg/booktabs}}
}

@Manual{Amsthm15,
  title = 	 {Using the amsthm Package},
  organization = {American Mathematical Society},
  month =	 {April},
  year =	 2015,
  note =	 {\url{http://www.ctan.org/pkg/amsthm}}
}

